<?xml version="1.0" encoding="UTF-8"?><collection xmlns="http://www.loc.gov/MARC21/slim"><record><leader>00426nam--2200145-i-4500</leader><controlfield tag="001">000030583</controlfield><controlfield tag="002">20161230</controlfield><controlfield tag="005">20161230201038</controlfield><controlfield tag="008">060222s1000------------r-----000-0-eng-d</controlfield><datafield ind1=" " ind2=" " tag="080"><subfield code="a">517.564.4:015</subfield></datafield><datafield ind1=" " ind2=" " tag="100"><subfield code="a">Moldovan, Grigor</subfield></datafield><datafield ind1=" " ind2=" " tag="245"><subfield code="a">Generalizari ale polinoamelor lui s.n.bernstein. /rezumatul tezei de doctorat</subfield></datafield><datafield ind1=" " ind2=" " tag="260"><subfield code="a">Cluj, Univ.`Babes-bolyai`, 1971, 25p</subfield></datafield><datafield ind1=" " ind2=" " tag="852"><subfield code="a">35658</subfield><subfield code="c">517.5</subfield></datafield><datafield ind1=" " ind2=" " tag="CAT"><subfield code="a">Sys</subfield><subfield code="c">20080805</subfield><subfield code="h">132048</subfield></datafield></record></collection>